% This file was created with JabRef 2.6.
% Encoding: Cp1252

@book{mitchell:1997,
  author = {Mitchell, T.M.},
  publisher = {McGraw-Hill, New York},
  title = {{Machine Learning}},
  year = 1997
}

@book{breiman:1984,
  title={Classification and regression trees},
  author={Breiman, L. and Friedman, J. H. and Olshen, R. A. and Stone, C. J.},
  year={1984}
}

@article{breiman:2001,
  title={Random forests},
  author={Breiman, L.},
  journal={Machine learning},
  volume={45},
  number={1},
  pages={5--32},
  year={2001},
  publisher={Springer}
}

@article{geurts:2006,
  title={Extremely randomized trees},
  author={Geurts, P. and Ernst, D. and Wehenkel, L.},
  journal={Machine Learning},
  volume={63},
  number={1},
  pages={3--42},
  year={2006},
  publisher={Springer}
}

@article{criminisi:2011,
  title={Decision forests for classification, regression, density estimation, manifold learning and semi-supervised learning},
  author={Criminisi, A and Shotton, J and Konukoglu, E},
  journal={Microsoft Research Cambridge, Tech. Rep. MSRTR-2011-114},
  volume={5},
  number={6},
  pages={12},
  year={2011}
}
